@article{levitt1995political,
  title={Political parties and the distribution of federal outlays},
  author={Levitt, Steven D and Snyder Jr, James M},
  journal={American Journal of Political Science},
  pages={958--980},
  year={1995},
  publisher={JSTOR}
}

@article{ashworth2006delivering,
  title={Delivering the goods: Legislative particularism in different electoral and institutional settings},
  author={Ashworth, Scott and Mesquita, Ethan Bueno de},
  journal={The Journal of Politics},
  volume={68},
  number={1},
  pages={168--179},
  year={2006},
  publisher={Cambridge University Press New York, USA}
}

@book{cainmorris,
  author={Cain, Bruce and Ferejohn, John and Fiorina, Morris},
  year={1987},
  Title={The Personal vote: constituency service and electoral independence},
  publisher={Harvard University Press}
}

@article{fiorina1977case,
  title={The case of the vanishing marginals: The bureaucracy did it},
  author={Fiorina, Morris P},
  journal={The American Political Science Review},
  volume={71},
  number={1},
  pages={177--181},
  year={1977},
  publisher={JSTOR}
}

@article{herrera1999emergence,
  title={The emergence of the personal vote},
  author={Herrera, Richard and Yawn, Michael},
  journal={The Journal of Politics},
  volume={61},
  number={1},
  pages={136--150},
  year={1999},
  publisher={University of Texas Press}
}

@article{serra1994casework,
  title={Casework, issue positions, and voting in congressional elections: A district analysis},
  author={Serra, George and Moon, David},
  journal={The Journal of Politics},
  volume={56},
  number={1},
  pages={200--213},
  year={1994},
  publisher={University of Texas Press}
}

@article{yiannakis1981grateful,
  title={The grateful electorate: Casework and congressional elections},
  author={Yiannakis, Diana Evans},
  journal={American Journal of Political Science},
  pages={568--580},
  year={1981},
  publisher={JSTOR}
}

@article{dropp2012electoral,
  title={Electoral security and the provision of constituency service},
  author={Dropp, Kyle and Peskowitz, Zachary},
  journal={The Journal of Politics},
  volume={74},
  number={1},
  pages={220--234},
  year={2012},
  publisher={Cambridge University Press New York, USA}
}

@article{johannes1981congressional,
  title={The congressional incumbency effect: Is it casework, policy compatibility, or something else? An examination of the 1978 election},
  author={Johannes, John R and McAdams, John C},
  journal={American Journal of Political Science},
  pages={512--542},
  year={1981},
  publisher={JSTOR}
}

@book{bishin2009tyranny,
  title={Tyranny of the minority: The subconstituency politics theory of representation},
  author={Bishin, Benjamin},
  year={2009},
  publisher={Temple University Press}
}

@article{habel2019field,
  title={A Field Experiment on the Effects of Ethnicity and Socioeconomic Status on the Quality of Representation},
  author={Habel, Philip and Birch, Sarah},
  journal={Legislative Studies Quarterly},
  volume={44},
  number={3},
  pages={389--420},
  year={2019},
  publisher={Wiley Online Library}
}

@article{mendez2018doubling,
  title={Doubling down: Inequality in responsiveness and the policy preferences of elected officials},
  author={Mendez, Matthew S and Grose, Christian R},
  journal={Legislative Studies Quarterly},
  volume={43},
  number={3},
  pages={457--491},
  year={2018},
  publisher={Wiley Online Library}
}

@article{ellis2012understanding,
  title={Understanding economic biases in representation: Income, resources, and policy representation in the 110th House},
  author={Ellis, Christopher},
  journal={Political Research Quarterly},
  volume={65},
  number={4},
  pages={938--951},
  year={2012},
  publisher={Sage Publications Sage CA: Los Angeles, CA}
}

@article{ellis2013social,
  title={Social context and economic biases in representation},
  author={Ellis, Christopher},
  journal={The Journal of Politics},
  volume={75},
  number={3},
  pages={773--786},
  year={2013},
  publisher={Cambridge University Press New York, USA}
}

@article{hayes2013responsiveness,
  title={Responsiveness in an era of inequality: The case of the US Senate},
  author={Hayes, Thomas J},
  journal={Political Research Quarterly},
  volume={66},
  number={3},
  pages={585--599},
  year={2013},
  publisher={Sage Publications Sage CA: Los Angeles, CA}
}

@book{butler2014representing,
  title={Representing the advantaged: How politicians reinforce inequality},
  author={Butler, Daniel M},
  year={2014},
  publisher={Cambridge University Press}
}

@article{butler2016politicians,
  title={How politicians discount the opinions of constituents with whom they disagree},
  author={Butler, Daniel M and Dynes, Adam M},
  journal={American Journal of Political Science},
  volume={60},
  number={4},
  pages={975--989},
  year={2016},
  publisher={Wiley Online Library}
}

@article{lowande2019descriptive,
  title={Descriptive and substantive representation in Congress: Evidence from 80,000 congressional inquiries},
  author={Lowande, Kenneth and Ritchie, Melinda and Lauterbach, Erinn},
  journal={American Journal of Political Science},
  volume={63},
  number={3},
  pages={644--659},
  year={2019},
  publisher={Wiley Online Library}
}

@article{abernathy2018understanding,
  title={Understanding and Responding to Constituent Opinion on Capitol Hill},
  author={Abernathy, Claire},
  booktitle={Congress \& the Presidency},
  volume={45},
  number={3},
  pages={254--278},
  year={2018},
  organization={Taylor \& Francis}
}

@article{thomsen2019gender,
  title={Gender Differences in Legislator Responsiveness},
  author={Thomsen, Danielle M and Sanders, Bailey K},
  journal={Perspectives on Politics},
  pages={1--14},
  year={2019},
  publisher={Cambridge University Press}
}

@article{butler2012field,
  title={A field experiment on legislators’ home styles: service versus policy},
  author={Butler, Daniel M and Karpowitz, Christopher F and Pope, Jeremy C},
  journal={The Journal of Politics},
  volume={74},
  number={2},
  pages={474--486},
  year={2012},
  publisher={Cambridge University Press New York, USA}
}

@article{geras2019gaining,
  title={Gaining Access and Constituent Correspondence in the US House of Representatives},
  author={Geras, Matthew J and Crespin, Michael H},
  booktitle={Congress \& the Presidency},
  volume={46},
  number={2},
  pages={253--279},
  year={2019},
  organization={Taylor \& Francis}
}

@article{gell2018s,
  title={It’s all about race: How state legislators respond to immigrant constituents},
  author={Gell-Redman, Micah and Visalvanich, Neil and Crabtree, Charles and Fariss, Christopher J},
  journal={Political Research Quarterly},
  volume={71},
  number={3},
  pages={517--531},
  year={2018},
  publisher={SAGE Publications Sage CA: Los Angeles, CA}
}

@article{kalla2016campaign,
  title={Campaign contributions facilitate access to congressional officials: A randomized field experiment},
  author={Kalla, Joshua L and Broockman, David E},
  journal={American Journal of Political Science},
  volume={60},
  number={3},
  pages={545--558},
  year={2016},
  publisher={Wiley Online Library}
}

@article{costa2017responsive,
  title={How responsive are political elites? A meta-analysis of experiments on public officials},
  author={Costa, Mia},
  journal={Journal of Experimental Political Science},
  volume={4},
  number={3},
  pages={241--254},
  year={2017},
  publisher={Cambridge University Press}
}

@article{mendez2014revealing,
  title={Revealing discriminatory intent: Legislator preferences, voter identification, and responsiveness bias},
  author={Mendez, Matthew S and Grose, Christian R},
  journal={USC CLASS Research Paper},
  number={14-17},
  year={2014}
}

@article{einstein2017does,
  title={Does race affect access to government services? An experiment exploring street-level bureaucrats and access to public housing},
  author={Einstein, Katherine Levine and Glick, David M},
  journal={American Journal of Political Science},
  volume={61},
  number={1},
  pages={100--116},
  year={2017},
  publisher={Wiley Online Library}
}

@article{janusz2016political,
  title={The political marginalization of Latinos: Evidence from three field experiments},
  author={Janusz, Andrew and Lajevardi, Nazita},
  journal={Available at SSRN 2799043},
  year={2016}
}

@article{butler2011politicians,
  title={Do politicians racially discriminate against constituents? A field experiment on state legislators},
  author={Butler, Daniel M and Broockman, David E},
  journal={American Journal of Political Science},
  volume={55},
  number={3},
  pages={463--477},
  year={2011},
  publisher={Wiley Online Library}
}

@article{white2015need,
  title={What do I need to vote? Bureaucratic discretion and discrimination by local election officials},
  author={White, Ariel R and Nathan, Noah L and Faller, Julie K},
  journal={American Political Science Review},
  volume={109},
  number={1},
  pages={129--142},
  year={2015},
  publisher={Cambridge University Press}
}

@article{carnes2019public,
  title={Do public officials exhibit social class biases when they handle casework? Evidence from multiple correspondence experiments},
  author={Carnes, Nicholas and Holbein, John},
  journal={Plos one},
  volume={14},
  number={3},
  pages={e0214244},
  year={2019},
  publisher={Public Library of Science San Francisco, CA USA}
}

@article{landgrave2019more,
  title={Do More Professionalized Legislatures Discriminate Less? The Role of Staffers in Constituency Service},
  author={Landgrave, Michelangelo and Weller, Nicholas},
  journal={American Politics Research},
  pages={1532673X20923588},
  year={2019},
  publisher={SAGE Publications Sage CA: Los Angeles, CA}
}

@article{adler1997demand,
  title={Demand-side theory and congressional committee composition: A constituency characteristics approach},
  author={Adler, E Scott and Lapinski, John S},
  journal={American Journal of Political Science},
  pages={895--918},
  year={1997},
  publisher={JSTOR}
}

@article{adler2000constituency,
  title={Constituency characteristics and the" guardian" model of appropriations subcommittees, 1959-1998},
  author={Adler, E Scott},
  journal={American Journal of Political Science},
  pages={104--114},
  year={2000},
  publisher={JSTOR}
}

@article{martin2003voting,
  title={Voting's rewards: Voter turnout, attentive publics, and congressional allocation of federal money},
  author={Martin, Paul S},
  journal={American journal of political science},
  volume={47},
  number={1},
  pages={110--127},
  year={2003},
  publisher={Wiley Online Library}
}

@book{verbanie,
  title={Participation in America},
  author={Verba, Sidney and Nie, Norman H},
 year={1972},
 publisher={University of Chicago Press}
}

@article{jones1977bureaucratic,
  title={Bureaucratic response to citizen-initiated contacts: Environmental enforcement in Detroit},
  author={Jones, Bryan D and Greenberg, Saadia R and Kaufman, Clifford and Drew, Joseph},
  journal={The American Political Science Review},
  volume={71},
  number={1},
  pages={148--165},
  year={1977},
  publisher={JSTOR}
}

@article{sharp1982citizen,
  title={Citizen-initiated contacting of government officials and socioeconomic status: Determining the relationship and accounting for it},
  author={Sharp, Elaine B},
  journal={The American political science review},
  pages={109--115},
  year={1982},
  publisher={JSTOR}
}

@article{leal2018military,
  title={Military service and political participation in the United States: Institutional experience and the vote},
  author={Leal, David L and Teigen, Jeremy M},
  journal={Electoral Studies},
  volume={53},
  pages={99--110},
  year={2018},
  publisher={Elsevier}
}

@article{parker2009politics,
  title={When politics becomes protest: Black veterans and political activism in the postwar South},
  author={Parker, Christopher S},
  journal={The Journal of Politics},
  volume={71},
  number={1},
  pages={113--131},
  year={2009},
  publisher={Cambridge University Press New York, USA}
}

@article{campbell2002self,
  title={Self-interest, social security, and the distinctive participation patterns of senior citizens},
  author={Campbell, Andrea Louise},
  journal={American Political Science Review},
  pages={565--574},
  year={2002},
  publisher={JSTOR}
}

@article{campbell2003participatory,
  title={Participatory reactions to policy threats: Senior citizens and the defense of Social Security and Medicare},
  author={Campbell, Andrea Louise},
  journal={Political Behavior},
  volume={25},
  number={1},
  pages={29--49},
  year={2003},
  publisher={Springer}
}

@article{desipio2011immigrant,
  title={Immigrant incorporation in an era of weak civic institutions: Immigrant civic and political participation in the United States},
  author={DeSipio, Louis},
  journal={American Behavioral Scientist},
  volume={55},
  number={9},
  pages={1189--1213},
  year={2011},
  publisher={Sage Publications Sage CA: Los Angeles, CA}
}

@article{barreto2003reexamining,
  title={Reexamining the “politics of in-between”: Political participation among Mexican immigrants in the United States},
  author={Barreto, Matt A and Mu{\~n}oz, Jos{\'e} A},
  journal={Hispanic Journal of Behavioral Sciences},
  volume={25},
  number={4},
  pages={427--447},
  year={2003},
  publisher={Sage Publications}
}

@article{mettler2008government,
  title={Government program usage and political voice},
  author={Mettler, Suzanne and Stonecash, Jeffrey M},
  journal={Social Science Quarterly},
  volume={89},
  number={2},
  pages={273--293},
  year={2008},
  publisher={Wiley Online Library}
}

@book{verba1995voice,
  title={Voice and equality: Civic voluntarism in American politics},
  author={Verba, Sidney and Schlozman, Kay Lehman and Brady, Henry E},
  year={1995},
  publisher={Harvard University Press}
}

@article{broockman2014distorted,
  title={Distorted communication, unequal representation: constituents communicate less to representatives not of their race},
  author={Broockman, David E},
  journal={American Journal of Political Science},
  volume={58},
  number={2},
  pages={307--321},
  year={2014},
  publisher={Wiley Online Library}
}

@article{Lynch2018CRS,
	title={Lifting the Earmark Moratorium: Frequently Asked Questions},
	author={Lynch, Megan S.},
	journal={Congressional Research Service Report},
	volume={R45429},
	year={2018}
}

@article{MillsKalafHughes2015JEP,
	title={The Evolution of Distributive Benefits: The Rise of Letter-Marking in the United States Congress},
	author={Mills, Russell W. and Nicole Kalaf-Hughes},
	journal={The Journal of Economics and Politics},
	volume={22},
	number={1},
	year={2015},
	pages={35--58}
}




